3707 5260
2631 364 2683 473 5

361 463 804 565 Exemplum
827 464 1042 546 huius
1059 463 1705 561 demonstrationis
1727 468 2069 569 simplicis
2095 471 2431 573 habetur,
2450 470 2627 553 dum
2650 492 2827 577 pro-1
2860 566 2867 579 ⁴

903 608 911 613 ·
1387 578 1638 650 bamus
1657 574 1925 652 :eoam
1965 574 2231 652 lineam
2283 580 2413 655 AB
2446 594 2829 659 tantumo-

263 665 343 745 A
487 765 494 773 ι
595 724 598 727 -
655 762 662 767 Ι
743 670 817 747 C
991 674 1083 771 D,
1222 664 1280 749 B
1381 677 1482 753 do
1506 677 1580 750 in
1599 676 1820 750 unico
1843 674 2199 771 punaoc
2242 678 2438 773 poffe
2484 678 2827 761 bifariam

314 825 325 839 ·
763 764 1268 871 ,”””“““”“““““““““
1367 776 1662 873 dividi,
1701 776 2175 855 ·&dicimus.
2225 779 2513 854 Sireeia
2562 786 2689 859 AB
2740 786 2848 862 iu⁴

259 881 553 958 duobus
589 879 870 978 punffis
891 880 958 953 C
980 931 1006 971 ‚
1027 877 1111 957 ἃ
1143 882 1216 955 D
1245 876 1440 953 foret
1461 876 1802 953 bifariam
1823 876 2059 952 divisa
2080 930 2107 970 ,
2136 876 2586 976 sequeretur,
2614 882 2825 981 quod
2872 915 2882 924 ·

261 1002 421 1056 tam
444 987 572 1061 CB
593 1034 618 1069 ‚
643 1005 864 1077 quam
887 984 1022 1055 Dss
1041 980 1362 1079 aequales
1383 980 1609 1058 elsent
1631 978 2013 1053 medietati
2044 980 2063 1051 i
2073 977 2169 1078 pfi
2182 1002 2263 1053 us
2308 983 2367 1055 A
2386 985 2433 1057 B
2465 1006 2484 1057 τ
2533 1007 2763 1080 quare
2788 1034 2817 1081 ,

257 1082 354 1157 <Sc
379 1084 567 1155 inte:
597 1078 668 1153 se
691 1080 1009 1179 aequales
1039 1082 1264 1153 efl'ent
1285 1082 1426 1155 CD
1456 1131 1482 1174 ‚
1521 1074 1701 1159 BD..
1755 1074 1944 1156 Cum
1972 1097 2219 1180 autem
2247 1080 2499 1158 hocsit
2543 1082 2827 1181 impos-

261 1181 477 1256 fibile
502 1232 525 1272 ,
574 1178 750 1276 quia
770 1180 894 1253 CB
917 1179 1010 1252 est
1045 1198 1286 1253 totum
1308 1231 1334 1271 ‚
1375 1178 1462 1255 ὅτ
1497 1184 1628 1255 DB
1655 1202 1818 1275 pars
1847 1205 1871 1270 3
1906 1200 2004 1251 ‘ex
2030 1174 2169 1253 lioc
2220 1174 2471 1256 inferri
2512 1184 2752 1279 potest
2782 1235 2812 1281 ,

263 1280 526 1354 datam
552 1278 814 1352 tefiam
841 1283 964 1353 AB
991 1303 1138 1354 non
1179 1279 1319 1353 else
1355 1276 1696 1354 bifariam
1735 1277 2047 1353 divisam
2091 1280 2166 1352 in
2198 1279 2485 1358 duobus
2533 1286 2819 1380 punqffis

276 1384 394 1473 C,
437 1380 520 1455 ἃ
551 1382 624 1451 D
657 1426 682 1451 ο
1214 1471 1219 1475 ¹

377 1478 958 1554 Fundamentum
977 1477 1190 1550 huius
1229 1474 1869 1553 demonstrationis
1910 1477 2181 1575 pendet
2236 1504 2327 1555 ex
2378 1480 2518 1557 hoc
2546 1532 2574 1574 ,
2618 1480 2823 1581 quod

275 1582 559 1665 vetitas
584 1601 729 1649 non
755 1576 967 1671 possit
993 1578 1294 1651 veritati
1323 1580 1805 1669 contrariari,
1855 1602 2091 1677 neque
2120 1605 2333 1655 unam
2369 1586 2817 1661 veritatem..

269 1678 478 1778 posse
495 1678 800 1751 alteram
825 1677 1183 1749 destruere
1203 1726 1226 1748 .
1283 1684 1384 1747 At
1404 1676 1448 1746 fi
1477 1700 1724 1749 verum
1748 1676 1949 1750 foret
1968 1680 2166 1773 quod
2196 1685 2321 1754 AB
2368 1683 2603 1775 poss‘et
2623 1684 2829 1757 divi..

267 1780 354 1852 di
381 1775 718 1853 bifariam
745 1796 888 1846 non
913 1768 1141 1845 solum
1177 1774 1250 1845 in
1275 1772 1546 1868 paneio
1569 1776 1678 1867 C,
1735 1796 1983 1848 verum
2005 1780 2227 1851 etiam
2256 1781 2329 1852 in
2380 1781 2649 1874 punflo
2692 1784 2767 1856 D
2790 1831 2821 1877 ,

260 1878 346 1955 in
370 1882 508 1951 hoc
527 1870 692 1949 casu
719 1896 858 1946 una
885 1873 1154 1945 veritas
1178 1868 1768 1947 foretcontraria
1807 1874 2029 1949 alteri
2080 1882 2379 1955 veritati
2406 1930 2432 1973 ‚
2488 1904 2809 1975 nempa,

264 1977 468 2075 quod
496 1992 739 2049 totum
763 1970 1039 2069 semper
1062 1970 1148 2045 lit
1168 1975 1399 2047 maius
1423 1972 1542 2047 sua
1592 1996 1850 2070 parte,
1894 1999 2053 2073 quae
2102 1981 2371 2053 veritas
2412 1980 2814 2055 destruere-

273 2076 752 2175 tur,quoties
773 2096 918 2147 una
957 2071 1149 2147 refia
1191 2072 1483 2149 lineain
1521 2074 1808 2151 duobus
1852 2078 2132 2172 punffls‘
2184 2078 2523 2155 bifariam
2562 2080 2815 2159 dividi

329 2176 553 2253 offet.

261 2201 324 2277 P
376 2275 638 2351 Altera
671 2268 942 2371 species
963 2269 1602 2351 demonstrationis
1629 2273 1723 2353 ab
1767 2274 2341 2373 impossibilitate
2380 2278 2817 2378 geminata..

255 2378 506 2453 utitur
526 2374 1144 2451 demonstratione
1169 2376 1257 2449 ad
1289 2374 1672 2451 absurdum
1701 2428 1724 2469 ,
1769 2396 1850 2451 ut
1879 2378 2201 2479 aliquam
2245 2382 2578 2458 ostendat
2626 2381 2819 2455 veri·

257 2494 530 2567 tatem,
554 2476 662 2549 uti
685 2477 1018 2549 eveniret
1041 2475 1084 2548 sn
1115 2474 1220 2550 “ad
1245 2478 1693 2573 probandam
1717 2479 2214 2575 aequalitatem
2260 2482 2452 2555 inter
2485 2484 2542 2556 A
2569 2533 2596 2573 ,
2638 2480 2723 2557 ὅτ
2752 2480 2811 2557 Β

261 2577 470 2676 prius
510 2575 1036 2652 demonstretur
1085 2576 1222 2651 effe
1264 2577 1697 2674 impoffibile
1742 2583 1798 2652 Α
1830 2583 2058 2654 maius
2079 2580 2214 2654 effe
2238 2602 2457 2678 quam
2490 2585 2541 2655 B
2564 2628 2590 2668 ‚
2614 2576 2809 2671 post·

255 2676 558 2756 modum
605 2685 778 2750 vero
821 2677 1076 2750 eadem
1101 2679 1678 2772 impoihbilitate
1720 2681 2077 2773 probetur
2118 2681 2314 2772 quod
2365 2685 2428 2750 A
2482 2692 2809 2769 nequeat

254 2778 396 2850 effe
441 2780 674 2850 minus
724 2801 940 2872 quarn
989 2784 1084 2849 3:
1131 2799 1220 2852 ex
1267 2803 1410 2874 qua
1437 2781 1807 2875 geminata
1864 2772 2451 2869 impossibilitate
2498 2775 2812 2852 demon·

257 2875 479 2952 strata
527 2872 836 2948 infertur
865 2872 1246 2972 aequalit'as
1272 2879 1462 2946 inter
1490 2879 1546 2946 A
1571 2924 1596 2963 ‚
1635 2873 1720 2946 δε
1747 2877 1828 2946 Β.

352 2973 1154 3050 Talidemonstratione
1181 2973 1412 3044 utitur
1435 2970 1776 3044 Euclides
1817 2970 1891 3042 in
1938 2966 2163 3046 Libro
2209 2990 2327 3054 12,
2368 2967 2797 3057 Elemento-

252 3097 418 3148 rum
476 3124 503 3166 ,
556 3090 786 3168 atque
841 3066 1404 3167 frequentiffima
1456 3069 1550 3142 est
1593 3068 1788 3163 apud
1837 3067 2393 3148 Archimedem.
2445 3075 2637 3147 Tota
2684 3075 2795 3148 vis

247 3176 468 3250 huius
504 3169 974 3245 demonstrati
1029 3171 1134 3242 nis
1189 3170 1262 3241 in
1311 3173 1452 3242 hoc
1499 3168 1871 3240 consistere
1928 3170 2225 3240 videtur
2270 3223 2297 3262 ,
2365 3162 2568 3268 quod
2622 3171 2671 3246 fi
2722 3177 2796 3250 A

247 3277 407 3376 (ob
465 3271 591 3346 illa
647 3291 804 3366 quae
852 3268 1324 3363 sequerentur
1363 3266 1667 3340 absurda
1708 3269 1744 3349 J
1803 3267 2067 3362 nequit
2116 3265 2254 3338 eise
2298 3271 2532 3344 maius
2574 3321 2601 3361 ,
2658 3293 2796 3348 nec

246 3377 486 3449 minus
529 3393 743 3468 quam
794 3371 848 3442 B
887 3417 916 3461 ‚
969 3364 1351 3458 necefl'aria
1403 3363 1748 3470 illatione
1799 3363 2130 3468 sequitur
2170 3369 2373 3466 quod
2415 3373 2481 3444 A
2522 3369 2797 3448 debeat

251 3475 645 3570 adaequare
690 3473 740 3544 Β
765 3517 788 3542 .

356 3568 793 3647 Huiusmodi
825 3561 1512 3658 demonstrationem
1537 3575 1915 3661 tamquam
1962 3561 2177 3639 nimis
2214 3562 2655 3644 fastidiosam
2700 3571 2801 3648 ri..

249 3677 514 3773 gorose
537 3671 1028 3744 condemnant
1055 3669 1410 3740 Sturmius
1435 3668 1507 3738 in
1535 3665 1654 3738 sua
1685 3667 1990 3740 Matueli
2023 3667 2401 3742 enucleata
2430 3671 2501 3742 in
2537 3670 2799 3746 Praefa.

249 3777 456 3846 tione
478 3773 567 3845 ad
601 3769 926 3844 Leeiores
956 3773 1110 3840 Art.
1133 3788 1206 3862 7.
1229 3818 1254 3857 ,
1305 3785 1530 3864 atque
1556 3767 2011 3841 Renaldinus
2039 3770 2113 3839 in
2148 3773 2323 3840 Arte
2348 3773 2735 3863 Analytica
2760 3794 2792 3850 3

247 3875 487 3946 minus
509 3874 830 3968 rigorosi¹
862 3876 1032 3940 vero
1067 3871 1108 3940 1«
1123 3867 1477 3939 ranciscus
1507 3868 1728 3941 Vieta
1775 3868 1993 3938 talem
2042 3867 2785 3950 demonstrationem...

254 3971 556 4064 culpat,
595 3975 768 4042 oum
811 3968 1046 4057 dicit,
1099 3982 1286 4041 minc
1335 3966 1869 4039 demonstrandi
1916 3963 2118 4038 usum
2160 3969 2348 4040 citra
2396 3970 2791 4049 limitatio..

248 4093 420 4146 nem
466 4091 608 4142 non
650 4069 788 4142 ess'e
829 4071 1404 4141 admittenuum:
1465 4067 1778 4138 libenter
1818 4065 2012 4138 enim
2065 4066 2407 4140 concedit
2442 4069 2793 4165 praefatus

253 4171 553 4246 Author
573 4218 598 4258 ,
639 4179 836 4264 quod
863 4170 950 4260 ad
978 4156 1289 4242 inuicem
1313 4169 1808 4260 comparando
1833 4189 1918 4238 ea
1943 4215 1971 4259 ‚
2011 4189 2171 4264 quae
2194 4189 2281 4241 ex
2312 4189 2571 4244 natura
2598 4169 2669 4244 su
2692 4203 2788 4249 -...·

245 4272 757 4370 aqualitatem
778 4291 924 4341 non
945 4267 1337 4365 respuunt5
1383 4265 1430 4342 11
1455 4273 1767 4344 alterum
1787 4269 2024 4343 altero
2049 4287 2285 4370 neque
2326 4271 2610 4358 maiuS,
2664 4287 2791 4345 ne·

1880 4371 1947 4444 Α
1999 4387 2043 4469 3
2546 4385 2693 4468 que
2738 4417 2747 4424 -
