3707 5260
35 359 54 1012 'm
35 259 46 306 τ’
36 0 49 232 τήν·

233 287 404 380 pro
467 264 586 348 ria
637 257 828 346 sunt
859 315 894 364 ,
955 287 1132 346 non
1181 262 1552 366 numeri,
1613 257 1754 348 sed
1798 262 2315 377 quantitatis3
2372 257 2575 352 hinc
2644 261 2795 352 fit,

231 401 346 462 ut
411 411 435 461 1
487 376 592 461 ad
631 400 947 460 certum
1002 431 1034 479 ‚
1083 381 1170 460 δι
1205 377 1616 489 peculiare
1656 378 2077 489 quoddam
2123 380 2589 492 quantitatis
2644 405 2795 492 ge·

239 519 407 576 nus
446 490 948 577 traducenda
991 489 1083 576 fit
1109 547 1142 594 ‚
1187 514 1574 604 oporteat
1603 494 1865 593 ‚etiam
1903 494 2397 606 peculiarem
2424 490 2787 602 ejusdem

233 609 566 720 generis
583 632 962 692 naturam
984 665 1016 711 ‚
1037 629 1294 720 atque.
1315 610 1632 694 intimas
1653 610 2199 722 proprietates
2230 604 2739 719 cognoscere
2754 663 2783 690 .

245 727 469 810 Nam
512 715 726 836 ‘quid
747 717 1016 854 quaeso
1037 753 1188 836 per
1227 720 1764 834 Algebraicos
1806 724 2169 808 calculos
2192 729 2557 836 praestare
2597 751 2779 808 um-

229 865 490 949 quam
515 839 604 922 in
631 837 1172 923 Arithmetica
1193 836 1714 952 poteris?Nis1
1744 840 1898 924 Ari
1910 839 2301 922 thmeticae
2329 837 2563 950 ipsius
2585 867 2791 951 prae-

223 977 474 1067 cepta
491 974 682 1036 ante
721 951 1457 1062 cognoveris?Nifi
1516 953 2025 1040 additionem
2054 1010 2087 1054 ,
2132 953 2715 1041 detractionem
2746 1004 2783 1055 ,

228 1067 1008 1177 multiplicationem
1037 1122 1073 1168 ,
1131 1064 1598 1154 divifionem
1624 1127 1655 1171 ,
1719 1067 2091 1154 radicum
2142 1065 2783 1180 quadrarum-³,
2834 1087 2860 1101 '

223 1175 644 1263 cubatum
693 1181 846 1264 &c.
887 1179 1472 1272 extrastionem
1513 1206 1786 1268 teneas
1831 1182 1907 1273 ἓ,
1957 1181 2391 1294 Numquid
2450 1209 2574 1266 res
2630 1181 2777 1264 ali·
2852 1185 2859 1192 '

233 1315 374 1377 ter
440 1288 525 1378 se
567 1290 818 1377 habet
861 1295 954 1376 in
1001 1295 1479 1379 Geometria
1504 1297 1552 1379 Ρ·
1586 1293 1816 1377 Nihil
1837 1295 2147 1388 minus.
2210 1294 2441 1401 Qid
2487 1295 2777 1382 eninm,

220 1405 457 1492 aliud
525 1405 770 1492 efficit
832 1407 1204 1518 Algebra
1256 1461 1291 1510 ‚
1370 1405 1428 1492 fi
1511 1407 1620 1492 ad
1685 1410 2251 1494 Geometriam
2338 1405 2764 1506 transfera-

225 1543 380 1606 tur
436 1575 473 1625 ‚
547 1520 690 1606 nifi
749 1543 1072 1607 tantum
1137 1523 1496 1636 praecipit
1538 1578 1571 1625 ‚
1649 1520 1756 1605 ad
1818 1519 1985 1606 hoc
2028 1577 2063 1624 ,
2119 1523 2251 1606 vel
2303 1521 2512 1604 illud
2572 1546 2775 1633 pro-

227 1634 508 1721 blema
551 1633 1279 1738 solvendum‚has,
1319 1636 1450 1718 vel
1495 1636 1666 1720 illas
1705 1635 2014 1737 lineas,
2060 1657 2200 1726 aut
2254 1629 2760 1749 superficies,
2904 1709 2915 1718 .

223 1743 401 1836 haec
436 1749 568 1839 vel
611 1749 750 1834 illa
799 1745 1056 1834 solida
1101 1747 1476 1833 addenda
1525 1745 1678 1836 effe
1727 1807 1758 1853 ,
1823 1749 2226 1834 demenda
2275 1804 2307 1852 ,
2370 1749 2765 1860 multipli-

221 1863 544 1968 canda,
609 1861 1106 1966 dividenda,
1161 1863 1502 1948 illorum
1567 1862 1913 1966 radices·
1955 1863 2358 1977 quadras,
2428 1863 2753 1948 cubicas

223 1973 836 2063 extrahendas?
892 1985 1087 2065 Haec
1140 2005 1346 2062 vero
1385 2031 1417 2082 ,
1477 2009 1650 2091 quae
1692 1977 1870 2062 fieti
1912 1979 2326 2090 ptaecipit‚
2396 2005 2758 2089 quomo-

227 2091 358 2174 do
398 2089 653 2196 fiant,
692 2119 870 2178 non
911 2093 1220 2193 docet3
1332 2092 1506 2176 uod
1553 2091 1692 2177 nifi
1741 2091 2119 2187 Euclides
2164 2150 2197 2196 ‚
2260 2094 2341 2180 &
2390 2091 2767 2176 lineam,

227 2205 460 2290 lineae
496 2262 531 2309 ,
576 2210 657 2293 ὅτ
710 2205 1222 2318 superficiem
1312 2206 1728 2320 uperficiei
1772 2209 2152 2308 demere,
2202 2209 2283 2292 ὅτ
2330 2234 2575 2289 unam
2634 2201 2767 2288 su·-

210 2319 642 2432 perficiem
685 2319 1058 2434 pluribus
1107 2323 1496 2435 aequalem
1545 2321 1814 2406 facere
1860 2379 1893 2426 ,
1940 2349 2201 2406 unum
2246 2319 2756 2433 triangulum

217 2434 560 2519 duobus
574 2492 607 2538 ,
662 2463 922 2522 unum
963 2438 1527 2549 reetangulum
1567 2437 1897 2522 duobus
1940 2435 2407 2548 quadratis,
2476 2458 2765 2548 penta-

215 2552 462 2659 gonis
505 2554 718 2655 δια,
791 2579 966 2665 quae
1016 2553 1374 2666 praecipit
1413 2550 1782 2661 Algebra
1808 2610 1839 2654 ‚
1918 2554 2215 2663 exequi
2265 2550 2501 2632 nullo
2574 2571 2759 2627 mo·-

215 2662 352 2746 do'
385 2663 832 2778 poss'emus.
893 2666 1125 2769 Qid
1166 2668 1428 2751 dicam
1477 2667 1580 2749 de
1627 2668 2093 2762 linearum,
2160 2667 2242 2745 δι
2284 2656 2755 2770 superficie·-

217 2800 414 2863 1um
458 2803 608 2890 per
673 2777 920 2869 lineas
973 2780 1718 2889 multiplicatione?
1781 2774 2017 2875 Quid
2062 2775 2163 2856 de
2232 2770 2677 2859 divisione„
2722 2770 2763 2855 ἓ

222 2890 468 2998 Quid
523 2890 854 2974 tandem
895 2890 998 2974 de
1064 2892 1434 2974 radicum
1483 2890 1987 2973 extraeione
2042 2890 2078 2970 ?
2136 2891 2343 2988 Quae
2378 2909 2599 2971 certe
2670 2882 2768 2969 fi-

209 3028 319 3115 ne
370 3001 917 3109 ab‘strufiffima
955 3004 1660 3117 proportionum,
1731 3029 1977 3113 quarn
2045 3001 2421 3084 Euclides
2495 2999 2753 3084 tradi—

209 3123 332 3203 dit
350 3172 398 3218 ,-
434 3115 761 3202 scientia
801 3116 978 3201 fieri
1021 3120 1374 3206 omnino
1417 3144 1592 3197 non
1641 3114 1969 3224 poffunt
1996 3140 2035 3209 ,·-
2085 3115 2299 3198 adeo
2358 3138 2451 3197 ut
2502 3113 2749 3197 nobi-

206 3232 478 3317 liffima
515 3286 550 3332 ,
620 3252 870 3341 atque
924 3227 1690 3339 magnificentissima
1764 3223 2094 3326 scientia
2135 3283 2168 3330 ‚
2234 3228 2634 3337 Algehra,
2694 3225 2749 3311 {i

209 3344 570 3435 Euclidis
620 3344 1041 3427 Elementa
1094 3341 1388 3441 tollas,
1443 3339 1668 3423 nulla
1721 3338 1853 3423 fit.
1930 3340 2127 3422 Dixi
2162 3342 2764 3453 particulariter

214 3460 314 3547 de
362 3434 784 3571 algena,
825 3486 1094 3569 neque
1153 3458 1368 3538 enim
1417 3452 1716 3539 dubito
1739 3512 1771 3556 ,
1813 3454 2017 3567 quin
2066 3450 2119 3535 fi
2176 3454 2417 3557 illos,
2462 3457 2602 3567 qui
2640 3455 2748 3541 ad

221 3572 664 3684 Algebram
715 3568 1122 3685 aspirant,
1153 3570 1258 3653 ad
1301 3568 1659 3653 Euclidis
1697 3566 2077 3653 Studium
2126 3570 2753 3673 commoverim‚

215 3690 573 3800 reliquos
616 3714 958 3800 quoque
1002 3684 1240 3769 facile
1283 3683 1630 3767 excitem
1657 3737 1682 3762 .
1741 3686 2061 3789 Verum
2108 3704 2354 3766 erunt
2382 3684 2751 3767 nonnul·-

204 3802 310 3904 li,
424 3802 508 3883 ui
555 3800 1026 3885 breviorem
1078 3802 1166 3884 in
1232 3793 1450 3882 hisce
1491 3796 1930 3881 Elementis
2002 3796 2515 3907 exponendis
2560 3824 2737 3883 me·

36 3890 38 3897 ¹
167 3916 362 3998 ‘tho
425 3942 562 3998 um
595 3912 1052 3999 desiderent
1087 3973 1112 3995 .
1170 3916 1356 4023 Ego
1407 3938 1608 3995 vero
1649 3964 1682 4011 ,
1727 3937 1916 3995 cum
1954 3910 2278 4014 multae,
2343 3937 2437 3994 ac
2495 3914 2727 3995 varia:

213 4028 364 4113 fint
410 4028 1035 4113 Elementorum
1075 4025 1672 4113 tradendorum
1720 4024 1911 4126 viae,
1984 4022 2195 4107 hanc
2237 4028 2509 4136 potitis
2557 4030 2729 4109 Eu-

205 4142 426 4230 clidis
470 4138 790 4231 secutus
834 4140 1064 4251 sum,
1120 4168 1368 4260 quam
1409 4140 1818 4245 aliorum,
1890 4158 2069 4223 tum
2112 4140 2303 4253 quia
2350 4140 2524 4338 filli),
2588 4140 2737 4272 qui

213 4278 220 4283 ’
1065 4304 1073 4311 -
2496 4278 2623 4335 re·
