3707 5260
316 1546 761 1789 LE
837 1540 1031 1749 C
1111 1264 2163 1801 ΡΙΛῘΧΟΒΜΞ
2245 1536 2619 1745 Μ,ι
2731 1716 2758 1830 ἢ,

837 2168 853 2228 ‚
915 2114 1127 2206 Uod
1173 2112 1766 2227 Navigantibus
1809 2112 2137 2200 evenire
2192 2108 2397 2199 solet
2427 2170 2457 2216 ,
2499 2135 2588 2195 ut
2610 2113 2741 2195 alii

955 2232 1285 2346 quidem
1324 2287 1359 2333 ‚
1419 2233 1562 2344 qui
1609 2229 2061 2314 minoribns
2096 2233 2455 2340 Navigijs
2494 2250 2747 2309 utun-

837 2263 849 2460 Ι
950 2369 1148 2449 tur,
1211 2349 1351 2430 vix
1402 2376 1448 2429 a
1503 2352 1769 2430 Portu
1802 2341 2275 2447 discedere,
2336 2350 2417 2429 &
2475 2344 2739 2424 Littus

949 2460 1222 2572 legere
1258 2462 1668 2562 audeant,
1709 2460 1838 2543 alii
1891 2487 2146 2559 vere,
2197 2457 2490 2569 quibus
2539 2457 2758 2538 Vela.

837 2523 849 2643 Ῐ
949 2577 1261 2682 majora
1316 2569 1502 2659 sunt
1544 2632 1576 2676 ,
1634 2602 1808 2657 non
1855 2573 2115 2655 modo
2164 2569 2453 2652 Portui
2505 2566 2737 2648 vale.-

837 2666 848 2711 ⁸
948 2690 1272 2789 dicere,
1305 2684 1442 2768 sed
1490 2691 1571 2771 δι
1622 2694 2102 2781 Oceanum,
2146 2686 2231 2763 &
2275 2679 2538 2763 Maria
2563 2704 2749 2759 om·-

937 2805 1073 2881 nia
1117 2804 1491 2881 traiicere
1554 2822 1730 2877 non
1797 2791 2232 2894 dubitent,
2306 2787 2728 2902 novasque

197 2907 560 3009 Terras,
621 2912 705 3006 &
767 2914 1180 3019 Regiones
1240 2910 1726 3022 perlustrare
1790 2906 2164 2990 studeant
2202 2963 2235 3008 ‚
2306 2929 2554 3018 atque
2595 2907 2741 2990 de·-

194 3016 560 3104 scribere
579 3056 618 3123 ;
670 3022 888 3107 idem
915 3052 1256 3136 quoque
1292 3022 1592 3105 accidit'
1620 3022 2214 3105 Mathematicis
2242 3079 2263 3099 .
2327 3028 2733 3105 Horum-'2

193 3134 415 3220 enim
457 3134 652 3235 alii,
716 3135 1232 3247 quibus'non
1279 3139 1386 3217 ita
1431 3135 1863 3237 excellem,
1906 3134 2009 3216 ad
2066 3161 2316 3217 novas
2370 3163 2493 3217 res
2522 3190 2552 3236 ‚
2611 3158 2734 3217 at-

191 3277 363 3361 que
417 3246 728 3331 abditas
767 3252 1216 3353 eruendaS,
1265 3251 1696 3358 Ingenium
1755 3277 1801 3330 a
1872 3254 2193 3331 Natura
2241 3249 2523 3332 datum
2567 3250 2727 3349 est,

195 3362 966 3448 Mathematicarum
1022 3363 1627 3476 disciplinarum
1673 3365 2069 3475 principia
2098 3364 2735 3475 attinguntffllg

54 3583 65 3590 ς
200 3479 454 3562 terius
498 3478 914 3590 progredi·
953 3473 1542 3591 pertimescunt
1591 3505 1616 3574 ;
1698 3478 1827 3559 alii
1894 3505 2095 3559 vcro
2146 3480 2384 3588 pauci
2423 3537 2452 3581 ,
2595 3509 2726 3561 uos

194 3595 502 3705 AEqum·
557 3599 885 3676 amavit
947 3601 1264 3708 Jupiter
1314 3650 1347 3696 ,
1434 3586 1899 3705 quibusque
1984 3589 2398 3701 singularis
2500 3622 2742 3704 quat--

186 3707 381 3788 dam
446 3706 556 3789 est
618 3706 1124 3817 intelligendi
1187 3710 1302 3791 vis
1348 3762 1384 3807 ,
1465 3730 1645 3788 non
1712 3704 1977 3788 modo
2055 3706 2449 3819 principia
2522 3704 2755 3790 asse-0

221 3838 226 3844 ·
263 3821 410 3918 ui,
454 3816 589 3902 sed
617 3847 742 3903 am
805 3821 956 3906 lius
992 3823 1073 3904 in
1123 3821 1555 3906 interiores
1601 3820 2092 3902 Geometriae
2130 3844 2393 3931 partes
2444 3851 2735 3933 perva-

199 3847 404 4014 dere
427 3986 459 4030 ,
504 3848 918 4046 novasgue
973 3932 1287 4049 semper
1327 3963 1505 4037 τες,
1569 3935 1650 4017 &
1701 3935 1786 4017 in
1853 3932 2285 4047 profundo
2327 3933 2726 4021 demersas

195 4049 287 4129 in
336 4045 604 4126 lucem
653 4049 1033 4155 proferre
1070 4054 1491 4135 nituntur:
1535 4075 1896 4160 quorum
1925 4050 2291 4161 exempla
2339 4050 2726 4133 habemus

180 4160 550 4284 ⁸plurima
589 4159 812 4271 apud
853 4188 1158 4252 veteres
1197 4221 1230 4272 ‚
1308 4162 1563 4247 multa
1612 4165 1855 4249 etiam
1901 4163 2122 4277 apud
2169 4168 2731 4361 recentiffieffi

2585 4304 2606 4357 ι
