3707 5260
323 322 2708 702 -Emcnsn1s

296 772 1695 1024 ELEMENTUM
1804 764 2848 935 PRIMUMae

794 1066 807 1081 ⁶
1333 1058 1596 1211 Def.
1685 1051 1799 1168 I.
1842 1184 1850 1191 ‚

582 1404 589 1412 .
728 1312 1429 1554 PIPNCTUM
1497 1307 1734 1410 illud
1810 1305 2217 1435 dicitur,
2284 1306 2544 1442 cujus
2583 1225 2846 1404 nulla

458 1489 673 1591 pars
719 1494 766 1556 e
872 1530 899 1558 .
2640 1492 2646 1497 ·

1022 1700 1099 1772 D
1152 1696 1509 1791 integram
1532 1683 1744 1773 huius
1783 1684 2241 1861 defluxionis
2284 1680 2856 1776 intelligentiam

937 1775 961 1864 i
1052 1795 1227 1870 seire
1248 1808 1601 1887 oportet,
1639 1790 1732 1862 ab
1776 1788 1985 1863 Eucli
2044 1812 2086 1862 e
2130 1786 2427 1862 nomine
2468 1780 2851 1859 PUNCTI
2924 1775 2935 1783 ’

937 1901 956 2003 y
1052 1893 1368 1991 intelligi
1397 1893 1468 1967 id
1494 1943 1520 1982 ‚
1542 1890 1741 1988 quod
1770 1889 1841 1962 in
1867 1890 2289 1986 quantitate
2308 1885 2666 1962 continva
2700 1879 2860 1956 nul..

1051 1994 1157 2070 las
1179 1993 1400 2068 habet
1422 2008 1713 2088 partes:
1758 1986 2019 2064 fienim
2044 1990 2116 2063 in
2160 1989 2514 2063 continva
2560 1981 2868 2082 quanti-

991 2184 993 2190 ,
1053 2115 1210 2172 tate
1231 2094 1729 2187 concipiamus
1766 2088 2047 2188 aliquid
2074 2140 2101 2180 ‚
2143 2087 2343 2188 quod
2378 2086 2462 2160 fit
2505 2104 2861 2181 quacum-

991 2212 997 2224 ·
1110 2220 1200 2270 ue
1223 2214 1430 2291 parte
1452 2191 1841 2287 spoliatum
1867 2242 1892 2281 ,
1938 2188 2118 2263 illud
2143 2192 2287 2264 erit
2311 2192 2433 2265 PU
2448 2188 2725 2261 NCTU
2741 2186 2858 2273 M,

937 2286 956 2339 ³
1051 2223 1196 2370 gne
1239 2296 1643 2370 SIGNUM
1687 2293 1780 2365 ab
1828 2290 2136 2366 Euclide
2174 2288 2603 2364 definitum.
2655 2284 2860 2378 Quia

302 2411 490 2484 vero
521 2403 859 2501 punstum
882 2396 1315 2474 definiturin
1340 2394 1597 2468 ordine
1643 2392 1734 2465 ad
1772 2393 2088 2488 partium
2114 2394 2581 2490 negationem
2622 2382 2862 2462 neces-

305 2509 570 2585 sarium
591 2505 768 2579 duxi
791 2500 1373 2592 animadvertere
1396 2494 1821 2567 continvam
1847 2493 2342 2588 quantitatem
2368 2547 2394 2586 ,
2442 2514 2661 2589 quam
2691 2492 2859 2561 Ma-

295 2606 676 2685 thematici
737 2596 1582 2679 MAGNITUDINEM
1629 2590 2055 2691 appellant,
2101 2595 2172 2665 in
2199 2596 2476 2685 triplici
2533 2586 2855 2663 ordina,

295 2706 683 2804 dispositas
703 2706 965 2778 habete
987 2701 1158 2774 suas·
1180 2718 1420 2792 partes
1465 2707 1997 2785 componentes
2025 2711 2353 2780 ,nempe
2402 2683 2849 2761 secundum..

299 2807 891 2902 longitudinem,
941 2799 1330 2874 secundum
1376 2793 1895 2876 latitudinem,
1948 2805 2178 2878 atque
2228 2783 2605 2860 crassitiem
2634 2808 2665 2872 ,·
2722 2806 2853 2857 ne.

302 2928 449 3004 que
471 2905 763 2977 enimin
809 2897 1312 2994 magnitudine
1352 2890 1498 2962 alia
1540 2887 1700 2959 dari
1740 2886 1972 2978 potest
2026 2883 2344 2975 partium
2399 2907 2857 2982 componen-

303 3008 496 3079 tium
541 3000 922 3077 ordinatio
959 3044 984 3069 .
1035 2996 1223 3066 Cum
1269 2990 1497 3085 igitur
1537 2989 1728 3059 inter
1781 2981 2322 3081 magnitudines
2374 2985 2641 3082 aliqnae
2692 2983 2852 3059 suas

309 3122 559 3204 partes
583 3100 900 3175 habeant
926 3095 1318 3169 dumtaxat
1351 3086 1746 3182 inlongum
1787 3084 2209 3158 ordinatas:
2268 3084 2431 3160 aliae
2482 3109 2657 3159 veto
2713 3087 2846 3160 in..

312 3207 657 3301 longum,
706 3199 789 3274 81
824 3198 1102 3281 latum,
1154 3190 1237 3264 δι
1270 3189 1435 3259 aliae
1462 3189 1534 3256 in
1565 3186 1907 3276 longum,
1954 3182 2181 3252 latum
2211 3231 2240 3272 ‚
2290 3202 2521 3279 atque
2555 3183 2862 3278 profun-

308 3307 487 3379 dum
510 3356 534 3392 ‚
564 3304 598 3383 (
631 3300 736 3373 uti
763 3295 1026 3370 clarius
1047 3314 1133 3363 ex
1162 3285 1348 3361 infra
1370 3281 1700 3358 dicendis
1722 3277 2083 3354 constabit
2113 3280 2149 3372 )
2187 3281 2358 3354 dum
2393 3284 2461 3353 in
2489 3284 2863 3374 magnitu-

311 3407 491 3481 dine
511 3393 788 3498 aliquid
815 3393 1264 3491 designamus
1286 3438 1314 3476 ‚a
1352 3385 1549 3482 quod
1578 3378 1849 3453 nullam
1874 3405 1958 3453 ex
1993 3379 2208 3454 dietis
2235 3383 2505 3458 habeat
2535 3386 2861 3482 partium

318 3505 868 3582 ordinationem
893 3547 919 3587 ‚
972 3488 1223 3566 hoc'ess
1251 3487 1452 3584 quod
1477 3507 1620 3557 non
1640 3481 1722 3556 lit
1750 3505 1986 3577 nequ:
2020 3485 2093 3554 in
2124 3481 2421 3576 longum
2458 3535 2480 3576 ‚
2506 3508 2743 3583 neque
2779 3486 2858 3560 in

310 3607 576 3694 latum,
601 3624 836 3696 neque
861 3591 1232 3671 incrassum
1256 3583 1628 3660 extensum
1653 3634 1678 3671 ‚
1733 3584 1872 3656 hoc
1894 3584 2034 3654 erit
2060 3586 2176 3660 PU
2195 3586 2562 3663 NCTUM
2590 3585 2683 3662 ab
2714 3589 2866 3662 Eu-

312 3707 506 3783 clide
527 3708 664 3778 hoc
688 3704 758 3774 in
787 3701 955 3772 loco
975 3690 1360 3767 definitum
1386 3740 1406 3775 ,
1438 3683 1636 3782 quod
1666 3681 1838 3757 licet
1866 3681 2098 3756 locum
2127 3734 2150 3774 ‚
2191 3682 2275 3760 &
2332 3681 2541 3758 fitum
2588 3688 2856 3762 habeat

317 3811 394 3884 in
426 3804 847 3907 quantitate
877 3790 1228 3874 contin'va
1252 3788 1522 3861 nullam
1556 3805 1800 3859 tamen
1826 3783 2120 3867 obtinet
2141 3786 2718 3882 magnitudinem
2752 3832 2777 3859 .
2881 3823 2891 3833 ·

1132 3896 1299 3966 Mos
1339 3887 1431 3964 ei
1516 3888 1709 3979 apud
1796 3887 2388 3962 mathematicos·
2436 3882 2849 3964 huiusmodi

320 4013 389 4085 A
597 4009 654 4081 Β
856 4003 923 4074 C
1028 3992 1288 4071 Punfia
1321 3988 1734 4064 solamente
1755 4010 1847 4060 co
1896 4005 2111 4081 cepta
2134 3983 2861 4065 acutilsimiacusex..

883 4123 910 4151 ·
1023 4088 2044 4185 tremitateinMagnitudine
2068 4085 2387 4185 signare,
2441 4079 2670 4185 atque
2729 4082 2859 4157 Ala-

1035 4195 1439 4292 phabeticis
1466 4190 1762 4263 Litteris
1787 4240 1811 4277 ,
1860 4188 1973 4263 vel
1999 4188 2150 4265 alio
2173 4186 2375 4290 ligno
2400 4189 2723 4279 indicate
2743 4184 2861 4260 di.-

333 4303 572 4388 cendo
596 4299 938 4383 Puneium
963 4302 1021 4374 A
1048 4348 1076 4396 ‚
1125 4293 1470 4373 Pundium
1496 4294 1549 4367 B
1578 4287 1728 4365 δίε.

1757 4389 1822 4463 Α
1876 4411 1928 4488 4
2582 4375 2766 4482 Des.
