3707 5260
955 315 1428 410 breviorem
1474 345 1812 432 tenent,
1858 352 2037 414 non
2064 323 2210 413 ἀει
2252 319 2532 412 omnia
2568 319 2679 411 ad
2724 345 3092 436 unguem
3146 321 3502 417 clemona

963 439 1216 523 strant
1246 496 1279 543 ‚
1325 464 1419 524 ut
1465 445 1844 528 Euclides
1890 443 2086 528 facit
2120 472 2151 542 3
2202 443 2675 528 iuvatvero
2718 466 2863 526 eos
2874 493 2910 544 ,
2968 441 3115 555 qui
3136 445 3511 558 'primum

967 554 1050 636 in
1099 559 1657 643 Geometriam
1695 559 2326 670 ingrediuntur,
2372 557 2631 643 statim
2674 551 3292 662 absolutissimis,
3310 571 3509 673 'per-

964 665 1550 784 fefflffimisque
1587 702 1688 758 ex
1737 675 1964 758 omni
2012 697 2245 787 parte
2272 669 3104 758 demonstrationibus
3146 671 3513 760 assuefie-

967 783 1086 865 ri:
1155 806 1330 867 tum
1381 790 1623 878 etiam
1675 789 1869 901 quia
1911 811 2015 872 ex
2054 787 2327 873 multis
2366 788 2567 892 viis,
2592 815 2795 902 quas
2834 785 2943 871 ad
2980 787 3297 900 aliquid
3350 787 3513 874 ob-

967 897 1398 1004 tinendum
1438 923 1720 987 tenere
1759 900 2229 1016 poffumuS,
2282 925 2460 986 earn
2506 905 2879 1018 ptaestare
2916 895 3234 1016 semper
3262 925 3507 1015 puta·-

967 1012 1100 1113 vi,
1148 1041 1309 1125 qua
1355 1015 1441 1097 id
1465 1072 1496 1116 ,
1541 1015 1774 1128 quod
1819 1017 2207 1102 volumus
2231 1071 2265 1118 ,
2311 1017 2598 1100 melius
2644 1013 3187 1128 affequimur.
3235 1017 3506 1130 Quod

959 1123 1017 1212 fi
1065 1128 1151 1210 in
1196 1123 1412 1212 hisce
1451 1128 1892 1216 Elementis
1953 1131 2043 1214 id
2084 1131 2345 1214 ›unice
2403 1150 2830 1241 ageremus
2848 1177 2885 1230 5
2944 1149 3041 1214 ut
3096 1131 3483 1216 veritates

967 1237 1358 1354 quasdam
1411 1243 2151 1329 demonstraremus
2175 1303 2208 1349 ,
2248 1271 2423 1328 non
2479 1241 2951 1327 dubitarem
2994 1269 3170 1327 eam
3212 1245 3505 1334 viam-a

963 1355 1356 1442 omnibus
1393 1363 1885 1463 anteferre,
1950 1386 2129 1473 quae
2170 1355 2360 1444 effet
2394 1413 2429 1462 ,
2476 1385 2725 1471 quam
2770 1356 2952 1442 fieri
2992 1357 3288 1471 potest,
3318 1356 3515 1444 bre-

965 1471 1302 1556 viffima.
1365 1477 1684 1558 Verum
1732 1476 1927 1587 quia
1973 1501 2153 1558 non
2193 1471 2360 1559 hoc
2406 1495 2725 1558 tantum
2772 1473 3133 1586 agimus,
3192 1467 3331 1555 sed
3394 1472 3499 1556 il·-

973 1585 1123 1670 lud
1161 1591 1400 1669 etiam
1447 1589 1881 1690 volumus,
1926 1609 2023 1669 ut
2060 1590 2489 1690 veritates,
2546 1617 2751 1700 quas
2794 1587 3505 1694 demonstramus,

963 1699 1050 1780 in
1096 1701 1377 1782 animis
1406 1697 2249 1783 Adolescentulorum
2277 1755 2311 1799 ,
2358 1704 2502 1808 qui
2536 1703 2644 1782 ad
2680 1700 2847 1784 haec
2864 1703 3153 1785 Studia
3188 1697 3269 1790 se
3290 1729 3504 1789 con·-

961 1811 1245 1895 ferunt
1265 1867 1295 1913 ‚
1323 1813 1646 1924 penitus
1681 1811 2075 1896 insideant
2098 1867 2131 1914 ‚
2153 1837 2247 1895 ac
2284 1809 2628 1894 firmiter
2674 1805 3184 1916 adliaerea’ntj
3226 1811 3502 1902 fimul..

961 1953 1126 2036 que
1172 1929 1504 2010 illorum
1544 1928 1964 2038 ingenium
2017 1925 2468 2027 illustrent,
2497 1947 2840 2027 acuant,
2886 1926 3280 2028 excitent,
3316 1955 3503 2020 uon

964 2037 1432 2125 breviorem
1481 2042 1984 2126 Methodum
2027 2039 2466 2128 tenendam
2506 2035 2662 2122 elle
2706 2040 3192 2143 existimavi,
3214 2067 3379 2152 qua
3404 2063 3508 2132 ut

957 2153 1194 2238 facile
1258 2184 1386 2239 res
1433 2153 1863 2239 discuntur
1902 2212 1935 2258 ,
1984 2157 2093 2240 ita
2134 2153 2371 2238 facile
2427 2153 2877 2254 excidunt;
2933 2149 3076 2241 sed
3114 2180 3289 2242 eam
3344 2183 3509 2269 po-

952 2271 1162 2370 tius,
1195 2299 1356 2379 qua
1380 2285 1442 2351 ‘a
1483 2269 1990 2354 facilioribus
2040 2267 2148 2353 ad
2200 2267 2652 2353 difficiliora
2692 2269 3111 2380 paullatim
3158 2267 3499 2358 deduffi

947 2380 1543 2468 Adolescentes
1591 2386 1700 2468 ita
1755 2408 2212 2485 acuantur,
2270 2405 2364 2466 ut
2408 2385 2544 2467 vix
2600 2384 3051 2496 quidquam
3108 2381 3269 2468 effe
3319 2412 3507 2470 am·-

947 2497 1162 2609 plius
1200 2497 1436 2610 poffit
1473 2495 1687 2582 adeo
1731 2497 2053 2582 difficile
2104 2498 2190 2579 in
2230 2498 2755 2599 Geometria,
2818 2519 2911 2582 ut
2958 2497 3174 2609 ipsos
3210 2495 3494 2586 dotet·-

947 2633 1171 2695 reat.
1236 2617 1535 2725 Neque
1584 2638 1852 2700 tamen
1902 2613 2070 2699 haec
2111 2611 2537 2697 Elementa
2572 2613 2682 2697 ita
2724 2606 3125 2725 exposui,
3170 2632 3269 2697 ut
3308 2638 3485 2699 mo·

945 2725 1213 2809 diocri
1260 2728 1595 2837 ingenio
1635 2725 2229 2812 Adolescentes
2273 2724 2574 2840 assequi
2620 2724 2861 2811 facile
2902 2753 3079 2811 non
3138 2724 3497 2836 poffiut=

942 2836 1562 2951 assequerentur
1599 2838 1932 2927 fortasse
1977 2841 2355 2945 brevius,
2416 2846 2501 2927 δι
2538 2840 2929 2942 facilius„
2972 2838 3027 2928 fi
3088 2839 3243 2923 alia
3304 2866 3489 2927 me-

937 2952 1210 3037 thodo
1257 2952 1441 3037 usus
1481 2954 1714 3041 elsem
1738 2987 1767 3057 3
1809 2985 1997 3041 cum
2034 2954 2422 3040 Euclidea
2466 2952 2653 3039 usus
2694 2953 2868 3058 fim,
2902 2950 3489 3063 assequentur,

939 3090 1036 3166 ut
1077 3066 1318 3179 spero
1335 3078 1382 3166 ,’
1409 3068 1939 3153 Έτιιᾶιιοίἱυς.
2002 3076 2137 3153 Tu
2186 3072 2515 3155 interim
2556 3068 2955 3157 his-utere
2988 3124 3023 3171 ,
3068 3068 3153 3151 δι
3187 3064 3245 3151 fi
3284 3068 3477 3180 opi-

935 3181 1272 3265 nionem
1325 3183 1680 3260 nostram
1736 3184 2002 3265 minus
2046 3181 2351 3293 probas
2382 3236 2420 3289 ,
2482 3185 2993 3273 voluntatem
3038 3202 3315 3275 tamen
3350 3209 3473 3271 ne

947 3288 1366 3405 improbes
1395 3346 1418 3369 .
1481 3292 1734 3382 Vale.

3184 4304 3365 4403 ΒΕ
