3707 5260
954 335 1098 426 fui*
1147 337 1366 434 enim
1447 340 1558 427 Bt*
1593 333 2089 436 eoncoidem
2122 384 2157 442 ‚
2184 373 2197 384 ·
2220 335 2319 426 &
2331 333 2777 457 .eyffoide1n
2794 367 2855 444 ··,
2920 337 3003 449 δι
3057 333 3497 456 spiralem3'

952 456 1035 542 δι
1077 455 1678 568 quadratricem
1701 489 1736 558 ,-
1782 449 2137 568 aliasque
2182 456 2481 540 cur-uas
2513 453 2762 544 lineas
2805 451 3110 540 summa
3133 449 3485 571 quadam

951 568 1255 680 ingenii
1285 572 1362 652 vi
1417 591 1955 681 penetrarunt
1994 624 2024 670 ‚
2084 563 2850 684 descripseruntque
2890 600 2908 652 :
2956 569 3041 654 hi
3091 599 3295 656 vero
3334 570 3489 656 illis

945 685 1204 768 multa
1233 681 1772 768 addiderunt:
1806 681 2259 789 cycloidem
2281 740 2314 786 ,
2354 688 2825 788 catenatim,
2848 685 3179 769 velarias
3199 742 3232 788 ,
3260 667 3487 770 alias·-

949 826 1113 907 que
1163 799 1602 910 plurimaS,
1669 826 1868 910 quas
1936 795 2261 880 calculis
2312 793 2795 909 quibusdam
2843 855 2878 901 ,
2918 803 3018 884 -&
3083 796 3477 912 supputa·-

941 911 1304 994 tionibus
1341 909 2196 1022 comprehenderunt.
2260 917 2545 1024 Atque
2580 912 2885 996 horum
2930 939 3090 1024 ego
3138 913 3471 1026 quidem

837 1021 856 1033 ”
949 1051 1340 1137 operam,
1413 1024 1935 1136 studiumque
2010 1051 2331 1108 mecum
2379 1021 2548 1137 ipse
2592 1025 3111 1110 considerans
3150 1083 3183 1129 ,
3236 1027 3475 1110 statui

933 1140 1436 1250 postremum
1495 1139 1658 1223 hoc
1695 1166 1953 1248 genus
1994 1135 2422 1222 hominum
2450 1194 2483 1241 ,
2528 1141 2673 1250 qui
2738 1167 2954 1223 nova
3002 1141 3469 1243 inveniunt,

939 1254 1290 1337 maxime
1342 1252 1541 1336 utile
1597 1249 1748 1336 effe
1787 1249 2338 1362 Reipublic2c3
2394 1247 2534 1335 sed
2560 1254 2768 1338 illud
2816 1277 3085 1336 tamen
3125 1257 3483 1365 primum

945 1393 1126 1450 non
1175 1369 1443 1450 minus
1499 1394 1521 1450 ε
1584 1367 1838 1449 immo
1889 1365 2128 1448 etiarn
2173 1362 2509 1448 fortasse
2554 1369 2805 1480 magis
2844 1397 2870 1466 3
2924 1395 3195 1479 neque
3252 1368 3471 1452 enim

943 1479 1125 1565 fieri
1177 1482 1491 1594 potest,
1553 1503 1648 1564 ut
1713 1478 2361 1568 reconditiorem
2414 1477 2973 1566 Geometriam
3028 1504 3400 1592 penetret
3434 1537 3472 1583 ‚

939 1591 1082 1677 nisi
1125 1595 1188 1675 is
1238 1650 1271 1697 ‚
1331 1595 1473 1704 qui
1533 1595 1925 1677 elementa
1972 1595 2197 1704 prius
2236 1648 2267 1692 ,
2308 1593 2527 1702 quasi
2570 1597 2821 1680 limen
2872 1593 3296 1705 quoddam
3348 1598 3479 1676 in·-

945 1704 1253 1816 greffus
1310 1707 1400 1790 fit
1445 1739 1479 1808 ;
1551 1731 1806 1818 quare
1870 1705 2015 1816 qui
2072 1704 2237 1786 haec
2284 1707 2770 1814 explanant,
2816 1711 3025 1789 viam
3066 1708 3234 1820 aliia
3294 1735 3473 1790 mu.

957 1823 1207 1903 niunt
1270 1819 1374 1904 ad
1451 1821 1765 1928 majora
1803 1873 1830 1899 .
1901 1821 2088 1928 Ego
2140 1819 2393 1928 igitur
2432 1873 2463 1918 ‚
2546 1843 2733 1902 cum
2786 1819 2981 1900 mihi
3032 1845 3203 1901 non
3260 1841 3443 1901 tan-

962 1959 1140 2018 tum
1215 1933 1521 2044 ingenii
1585 1930 1773 2018 effet
1820 1989 1853 2035 ,
1940 1957 2034 2016 ut
2112 1935 2306 2014 novi
2360 1931 2773 2043 quidpiam
2822 1932 3218 2034 molirer,
3276 1929 3469 2019 effet

941 2077 1147 2132 vero
1189 2073 1504 2130 tantum
1553 2047 2041 2148 voluntatiS,
2082 2067 2175 2128 ut
2214 2073 2316 2129 ne
2357 2045 2671 2130 otiosus
2708 2048 2859 2131 esre
2898 2045 3217 2146 vellem3
3258 2045 3415 2130 fec-'i
3438 2103 3478 2150 ,

945 2186 1041 2245 ut
1081 2163 1506 2246 Elementa
1551 2161 1959 2264 Euclidis,
2006 2188 2249 2272 quam
2288 2161 2525 2275 potui
2574 2159 3155 2272 diligentiffime
3210 2189 3473 2272 expo-

947 2305 1283 2378 nerem,
1355 2305 1614 2388 eaque
1675 2275 1925 2388 Typis
1984 2274 2508 2378 mandarem,
2578 2300 2671 2360 ut
2706 2303 2907 2378 eos,
2978 2277 3119 2386 qui
3174 2275 3473 2386 majori

937 2392 1277 2502 ingenio
1330 2391 1642 2503 praediti
1679 2389 1786 2474 ad
1846 2389 2139 2473 altiora
2182 2387 2584 2502 aspirant,
2652 2419 2814 2502 qua
2861 2387 3165 2502 poffem
3242 2415 3461 2500 ope,

941 2505 1409 2589 adiuvat-em
1449 2562 1474 2585 .
1543 2504 1770 2589 Idem
1821 2506 1908 2586 in
1966 2501 2953 2618 SphaericiS‚Conicisque
2978 2501 3263 2585 faciam
3319 2501 3466 2584 ali·-
3540 2597 3545 2602 ,

941 2619 1283 2732 quando
1326 2676 1358 2723 ‚
1417 2618 1472 2705 fi
1520 2620 1686 2705 haec
1723 2676 1756 2723 ,
1803 2649 1979 2733 quae
2028 2648 2251 2707 nunc
2288 2619 2505 2723 ede,
2566 2644 2795 2733 grata
2846 2614 2999 2701 effe
3038 2644 3463 2727 cognove-

943 2762 1095 2819 ro·
1171 2738 1484 2818 Verum
1529 2732 1634 2819 dc
1683 2734 1800 2821 his
1839 2735 2025 2816 alias
2081 2762 2100 2817 :
2170 2762 2393 2816 nunc
2462 2734 2565 2819 de
2621 2731 2976 2819 Euclidis
3018 2732 3461 2813 Elementis

995 2876 1194 2931 auca
1241 2849 1546 2932 dicam.
1607 2853 1740 2933 Ac
1782 2848 2138 2963 primum
2186 2848 2393 2931 illud
2456 2851 2696 2933 etiam
2774 2870 3021 2959 atque
3076 2847 3313 2927 ctiam
3354 2845 3458 2928 ti-

931 2878 1018 3048 gi
1065 2960 1538 3075 persuadeas
1581 2962 1824 3047 velim
1862 3019 1893 3065 ,
1956 2962 2154 3046 nihil
2196 2965 2286 3045 iis
2340 2964 2423 3047 in
2486 2958 2857 3049 universa
2916 2959 3449 3045 Geometria..

928 3080 1181 3185 magis
1250 3074 1404 3157 effe
1460 3072 1985 3157 necessarium
2034 3134 2063 3174 ‚
2134 3077 2369 3184 quod
2428 3080 2667 3161 etiam
2720 3074 2979 3189 ipsum
3044 3074 3451 3158 Elementi

935 3214 1243 3271 nomen
1293 3213 1442 3265 nos
1482 3185 1730 3267 docet
1775 3212 1800 3280 3
1872 3184 2183 3267 idcirco
2237 3191 2451 3269 enim
2522 3194 2929 3270 Elementa
2993 3188 3449 3299 appellata..

931 3298 1167 3400 sunt,
1221 3298 1451 3407 quod
1499 3294 1656 3380 fine
1711 3298 1802 3377 iis
1843 3296 1929 3378 in
1981 3294 2568 3383 Mathematicis
2610 3294 3037 3407 disciplinis
3072 3296 3449 3382 confiste-

931 3444 1028 3511 re
1085 3412 1282 3497 nihil
1347 3412 1609 3523 potest
1675 3464 1698 3489 .
1804 3414 2105 3519 Neque
2189 3418 2461 3491 tamen
2518 3409 2919 3493 diffimulo
2993 3411 3459 3521 Algebranz,

925 3531 1158 3615 lineis
1206 3552 1490 3640 parum
1519 3526 1638 3609 uti
1667 3580 1696 3626 ,
1741 3522 2063 3607 calculo
2092 3580 2123 3624 ‚
2180 3524 2259 3607 &
2302 3524 2554 3609 literis
2600 3523 3013 3629 conficere
3034 3550 3241 3632 pene
3262 3553 3445 3607 om-

931 3647 1066 3731 nia
1115 3702 1140 3725 .
1207 3648 1518 3727 Verum
1556 3636 1844 3723 stillam
1886 3637 1990 3721 ad
2014 3642 2279 3731 Geom
2296 3640 2577 3730 etriam
2620 3637 3139 3721 traducamus
3166 3696 3195 3740 ,
3248 3638 3450 3749 quid

925 3758 1256 3845 tandem
1303 3754 1623 3841 efficere
1663 3754 1969 3866 poterit
2010 3750 2167 3835 fine
2188 3756 2624 3843 Elementis
2642 3753 3084 3838 Euclideis?
3158 3756 3443 3837 Nam-2

891 3876 1041 3959 ‘est
1091 3870 1452 3981 Algebra
1491 3870 1837 3953 Scientia
1896 3864 2260 3979 quaedam
2318 3867 2733 3979 cujusdam
2774 3861 3237 3950 universalis
3274 3867 3443 3950 cal-

929 3988 1094 4073 culi
1116 4045 1148 4089 ,
1193 3986 1332 4097 qui
1395 4012 1564 4067 non
1617 3983 1726 4067 ad
1763 3982 1928 4067 hoc
1978 3983 2298 4093 potius,
2340 4013 2587 4095 quam
2630 3982 2738 4067 ad
2780 3982 2981 4065 illud
3032 3983 3441 4092 quantita-

923 4104 1024 4189 tis
1063 4129 1321 4213 genus
1377 4092 1670 4209 spcc'tat
1707 4154 1740 4201 ‚
1797 4092 1935 4179 sed
2006 4102 2277 4183 omnia
2338 4128 2564 4212 aeque
2614 4098 3249 4209 compleeiitur3
3316 4094 3445 4177 ni-

927 4221 1134 4307 titur
1199 4216 1414 4300 enirn
1469 4214 1887 4327 principijs
1947 4210 2351 4301 abstraffise
2387 4271 2421 4317 ,
2493 4243 2666 4327 quae
2722 4240 2896 4297 non
2954 4206 3441 4295 extensionis

3130 4350 3334 4435 pro-
